@article{SurveySecurity,
  author = {Bandar Alotaibi},
  journal = {},
  number = {},
  title = {A Survey on Industrial Internet of Things Security: Requirements, Attacks, AI-Based Solutions, and Edge Computing Opportunities},
  volume = {},
  year = {2023},
  doi = {url:"https://doi.org/10.3390/s23177470"}
}

@misc{AirTagiFixit,
  author = {Sam Goldheart},
  howpublished = {url:"https://www.ifixit.com/News/50145/airtag-teardown-part-one-yeah-this-tracks"},
  title = {AirTag Teardown: Yeah, This Tracks},
  year = {2021}
}

@article{Deeplearning,
  author = {Jian-Liang Wang and Ping Chen},
  journal = {IEEE},
  number = {},
  title = {Internet of Things Security Based on Big Data and Deep Learning},
  volume = {},
  year = {2022},
  doi = {url:"http://doi.org/10.1109/EIECT58010.2022.00067"}
}

@article{fog,
  author = {Sengupta Jayasree and Ruj Sushmita and Bit Sipra Das},
  journal = {},
  number = {},
  title = {A Secure Fog Based Architecture for Industrial Internet of Things and Industry 4.0},
  volume = {},
  year = {2020}
}

@article{botnets,
  author = {Moemedi Lefoane and Ibrahim Ghafir and Sohag Kabir and Irfan-Ullah Awan},
  journal = {Journal of Network and Computer Appplications},
  number = {},
  title = {Internet of Things botnets: A survey on Artificial Intelligence based detection techniques},
  volume = {236},
  year = {2025},
  doi = {"https://doi.org/10.1016/j.jnca.2025.104110"}
}

@misc{Mirai,
  author = {Brian Krebs},
  howpublished = {url:"https://krebsonsecurity.com/2016/10/who-makes-the-iot-things-under-attack/"},
  title = {Who Makes the IoT Things Under Attack?},
  year = {2016}
}